@inproceedings{XorbasVLDB,
  title={XORing Elephants: Novel Erasure Codes for Big Data},
  author={Sathiamoorthy, Maheswaran and Asteris, Megasthenis and Papailiopoulos, Dimitris and Dimakis, Alexandros G and Vadali, Ramkumar and Chen, Scott and Borthakur, Dhruba},
  booktitle={Proceedings of the VLDB Endowment},
  volume={6},
  number={5},
  pages={325--336},
  year={2013},
  organization={VLDB Endowment}
}
