@book{lin2004error,
  title={Error Control Coding: Fundamentals and Applications},
  author={Lin, S. and Costello, D.J.},
  isbn={9780130426727},
  lccn={2004040060},
  url={https://books.google.co.uk/books?id=0nVfQgAACAAJ},
  year={2004},
  publisher={Pearson-Prentice Hall}
}

@inproceedings{DBLP:conf/usenix/HuangSXOCG0Y12,
  author    = {Cheng Huang and
               Huseyin Simitci and
               Yikang Xu and
               Aaron Ogus and
               Brad Calder and
               Parikshit Gopalan and
               Jin Li and
               Sergey Yekhanin},
  title     = {Erasure {C}oding in {W}indows {A}zure {S}torage},
  booktitle = {{USENIX Annual Technical Conference (ATC)}},
  location  = {Boston, MA, USA},            
  pages     = {15--26},
  year      = {2012},
  crossref  = {DBLP:conf/usenix/2012},
  url       = {https://www.usenix.org/conference/atc12/technical-sessions/presentation/huang},
  timestamp = {Mon, 19 May 2014 07:40:42 +0200},
  biburl    = {http://dblp2.uni-trier.de/rec/bib/conf/usenix/HuangSXOCG0Y12},
  bibsource = {dblp computer science bibliography, http://dblp.org}
}

@inproceedings{XorbasVLDB,
  title={{XORing} Elephants: Novel Erasure Codes for Big Data},
  author={Sathiamoorthy, Maheswaran and Asteris, Megasthenis and Papailiopoulos, Dimitris and Dimakis, Alexandros G and Vadali, Ramkumar and Chen, Scott and Borthakur, Dhruba},
  booktitle={{Proceedings of the VLDB Endowment}},
  volume={6},
  number={5},
  pages={325--336},
  year={2013},
  doi={10.14778/2535573.2488339},
}

@online{xorbas-github,
	title={Hadoop{USC}},
	publisher={GitHub},
	author={Maheswaran Sathiamoorthy},
	url={https://github.com/madiator/HadoopUSC},
	urldate={2016-03-15},
	date={2012-08-10},
}

@online{fuse-jna,
	title={fuse-jna},
	author={Etienne Perot},
	date={2016-03-06},
	publisher={GitHub},
	url={https://github.com/EtiennePerot/fuse-jna},
	urldate={2016-03-08}
}

@article{reed-solomon,
	author = {I. S. Reed and G. Solomon},
	title = {{Polynomial Codes Over Certain Finite Fields}},
	journal = {{Journal of the Society for Industrial and Applied Mathematics}},
    series = {SIAM},
	volume = {8},
	number = {2},
	pages = {300-304},
	year = {1960},
	doi = {10.1137/0108018},
}

@inproceedings{racs,
    author = {Abu-Libdeh, Hussam and Princehouse, Lonnie and Weatherspoon, Hakim},
    title = {{{RACS}: A Case for Cloud Storage Diversity}},
    booktitle = {{Proceedings of the 1st ACM Symposium on Cloud Computing (SoCC)}},
    year = {2010},
    isbn = {978-1-4503-0036-0},
    location = {Indianapolis, Indiana, USA},
    pages = {229--240},
    numpages = {12},
    doi = {10.1145/1807128.1807165},
    acmid = {1807165},
    publisher = {ACM},
    address = {New York, NY, USA},
}

@article{failures-study,
    author={B. Schroeder and G. Gibson},
    journal={{IEEE Transactions on Dependable and Secure Computing}},
    title={{A Large-Scale Study of Failures in High-Performance Computing Systems}},
    year={2010},
    volume={7},
    number={4},
    pages={337-350},
    doi={10.1109/TDSC.2009.4},
    ISSN={1545-5971},
    month={Oct},
}

@inproceedings{Weatherspoon2002,
 author = {Weatherspoon, Hakim and Kubiatowicz, John},
 title = {Erasure Coding Vs. Replication: A Quantitative Comparison},
 booktitle = {Revised Papers from the First International Workshop on Peer-to-Peer Systems},
 series = {IPTPS '01},
 year = {2002},
 isbn = {3-540-44179-4},
 pages = {328--338},
 numpages = {11},
 url = {http://dl.acm.org/citation.cfm?id=646334.687814},
 acmid = {687814},
 publisher = {Springer-Verlag},
 address = {London, UK, UK},
} 

@ARTICLE{lrc,
    author={D. S. Papailiopoulos and A. G. Dimakis},
    journal={IEEE Transactions on Information Theory},
    title={Locally Repairable Codes},
    year={2014},
    volume={60},
    number={10},
    pages={5843-5855},
    doi={10.1109/TIT.2014.2325570},
    ISSN={0018-9448},
    month={Oct},
}

@inproceedings{fta-paper,
    author={D. Kondo and B. Javadi and A. Iosup and D. Epema},
    booktitle={ 2010 10th IEEE/ACM International Conference on Cluster, Cloud and Grid Computing },
    series = {CCGrid'10},
    title={{The Failure Trace Archive: Enabling Comparative Analysis of Failures in Diverse Distributed Systems}},
    year={2010},
    pages={398-407},
    month={May},
}

@article{fta-journal,
    title = {{The Failure Trace Archive: enabling the comparison of failure measurements and models of distributed systems}},
    journal = {{Journal of Parallel and Distributed Computing}},
    series = {JPDC},
    volume = {73},
    number = {8},
    pages = {1208-1223},
    year = {2013},
    issn = {0743-7315},
    doi = {10.1016/j.jpdc.2013.04.002},
    author = {Bahman Javadi and Derrick Kondo and Alexandru Iosup and Dick Epema},
}

@inbook{Burihabwa2016,
    author = {Burihabwa, Dorian
    and Felber, Pascal
    and Mercier, Hugues
    and Schiavoni, Valerio},
    title = {{A Performance Evaluation of Erasure Coding Libraries for Cloud-Based Data Stores}},
    booktitle = {{Distributed Applications and Interoperable Systems (DAIS)}},
    year = {2016},
    publisher = {Springer International Publishing},
    pages = {160--173},
    doi = {10.1007/978-3-319-39577-7_13},
}

@phdthesis{hyfs,
    author = {Luo, Jianqiang},
    advisor = {Xu, Lihao},
    title = {Hyfs: Design and Implementation of a Reliable File System},
    year = {2011},
    note = {Paper 319},
    institution = {Wayne State University Dissertations},
    url = {http://digitalcommons.wayne.edu/oa_dissertations/319/},
}

@inproceedings{Silberstein2014,
    author = {Silberstein, Mark and Ganesh, Lakshmi and Wang, Yang and Alvisi, Lorenzo and Dahlin, Mike},
    title = {{Lazy Means Smart: Reducing Repair Bandwidth Costs in Erasure-coded Distributed Storage}},
    booktitle = {{Proceedings of International Conference on Systems and Storage (SYSTOR)}},
    year = {2014},
    isbn = {978-1-4503-2920-0},
    location = {Haifa, Israel},
    pages = {1--7},
    articleno = {15},
    numpages = {7},
    url = {http://doi.acm.org/10.1145/2611354.2611370},
    doi = {10.1145/2611354.2611370},
    acmid = {2611370},
    publisher = {ACM},
    address = {New York, NY, USA},
}

@techreport{websites02,
    author = {Mehmet Bakkaloglu and Jay J. Wylie and Chenxi Wang and Gregory R. Ganger},
    title = {On correlated failures in survivable storage systems},
    year = {2002},
    month = {May},
    institution = {Carnegie Mellon University},
    note = {CMU-CS-02-129},
    url = {http://repository.cmu.edu/pdl/107/},
}

@book{macwilliams1977theory,
  title={The theory of error correcting codes},
  author={MacWilliams, Florence Jessie and Sloane, Neil James Alexander},
  year={1977},
  publisher={{North Holland}}
}

@article{papailiopoulos2014locally,
  title={{Locally Repairable Codes}},
  author={Papailiopoulos, Dimitris S and Dimakis, Alexandros G},
  journal={{IEEE Transactions on Information Theory}},
  volume={60},
  number={10},
  pages={5843--5855},
  year={2014},
  publisher={IEEE}
}
